@book{boer23,
    author = {Karl Boer and Udo Pohl},
    title = {Semiconductor Physics},
    year = {2023},
    publisher = {Springer}
}
@article{Smith73,
    author = {Willoughby Smith},
    title = {Selenium: Its Electrical Qualities and the Effect of Light Thereon},
    journal = {Archive},
    year = {1873}
}
@article{Neves24,
    author = {Paul M. Neves},
    title = {Four-Point AC Resistance
Measurements} ,
    journal = {Stanford Research Systems} ,
    year = {2024}
}


@book{Green84,
    author ={Norman Neill Greenwood and Alan Earnshaw},
    title = {Chemistry of the
Elements},
    publisher = {Pergamon Press} ,
    year = {1984}
}
@article{Morin59,
    author = {F. J. Morin},
    title = {Oxides Which Show a Metal-to-Insulator Transition at the Neel Temperature},
    journal = {Physical Review Letters},
    year = {1959}
}
@article{Shin90,
    author = {S. Shin et al.},
    title = {Vacuum-ultraviolet reflectance and photoemission study of the metal-insulator phase transitions in VO2, V6O13, and V2O3},
    journal = {Physical Review B},
    year = {1990} 
}
@article{Good71,
    author ={John B. Goodenough},
    title = {The two components of the crystallographic transition in VO2},
    journal = {Journal of Solid State Chemistry},
    year = {1971}
}